<?xml version="1.0" encoding="UTF-8"?><collection xmlns="http://www.loc.gov/MARC21/slim"><record><leader>00518nam--2200181-i-4500</leader><controlfield tag="001">000039437</controlfield><controlfield tag="002">20161230</controlfield><controlfield tag="005">20161230201042</controlfield><controlfield tag="008">060222s1000------------r-----000-0-eng-d</controlfield><datafield ind1=" " ind2=" " tag="040"><subfield code="a">IFIN-HH</subfield></datafield><datafield ind1=" " ind2=" " tag="080"><subfield code="a">621.039.8</subfield></datafield><datafield ind1="1" ind2=" " tag="100"><subfield code="a">Rocchiccioli, Claude</subfield></datafield><datafield ind1="1" ind2="0" tag="245"><subfield code="a">Les isotopes</subfield><subfield code="c">Claude rocchiccioli</subfield></datafield><datafield ind1=" " ind2=" " tag="260"><subfield code="a">Paris</subfield><subfield code="b">Presses Universitaires De France</subfield><subfield code="c">1964</subfield></datafield><datafield ind1=" " ind2=" " tag="300"><subfield code="a">126P.+ 8P</subfield></datafield><datafield ind1=" " ind2=" " tag="490"><subfield code="a">Que Saus-je? Le Point Des Connaissances Actuelles</subfield><subfield code="v">No.1111</subfield></datafield><datafield ind1=" " ind2=" " tag="852"><subfield code="a">21793</subfield><subfield code="c">539.163</subfield></datafield><datafield ind1=" " ind2=" " tag="CAT"><subfield code="a">Sys</subfield><subfield code="c">20120517</subfield><subfield code="h">100323</subfield></datafield></record></collection>